@article{p1,
  author    = {Tomas Mikolov and
               Ilya Sutskever and
               Kai Chen and
               Greg Corrado and
               Jeffrey Dean},
  title     = {Distributed Representations of Words and Phrases and their Compositionality},
  journal   = {CoRR},
  volume    = {abs/1310.4546},
  year      = {2013},
  url       = {http://arxiv.org/abs/1310.4546},
  timestamp = {Thu, 07 May 2015 20:02:01 +0200},
  biburl    = {http://dblp.uni-trier.de/rec/bib/journals/corr/MikolovSCCD13},
  bibsource = {dblp computer science bibliography, http://dblp.org}
}

@inproceedings{p2,
  title={Glove: Global Vectors for Word Representation},
  author={Pennington, Jeffrey and Socher, Richard and Manning, Christopher D},
  booktitle={EMNLP},
  volume={14},
  pages={1532--1543},
  year={2014}
}

@article{p3,
  author    = {Yoav Goldberg},
  title     = {A Primer on Neural Network Models for Natural Language Processing},
  journal   = {CoRR},
  volume    = {abs/1510.00726},
  year      = {2015},
  url       = {http://arxiv.org/abs/1510.00726},
  timestamp = {Sun, 01 Nov 2015 17:30:45 +0100},
  biburl    = {http://dblp.uni-trier.de/rec/bib/journals/corr/Goldberg15c},
  bibsource = {dblp computer science bibliography, http://dblp.org}
}

@inproceedings{p4,
	Author = {Farahmand, Meghdad and Smith, Aaron and Nivre, Joakim},
	Booktitle = {Proceedings of the 11th Workshop on Multiword Expressions (MWE-NAACL 2015)},
	Date-Added = {2015-05-26 13:27:46 +0000},
	Date-Modified = {2015-05-26 13:27:46 +0000},
	Organization = {Association for Computational Linguistics},
	Title = {A Multiword Expression Dataset: Annotating Non-Compositionality and Conventionalization for English Noun Compounds},
	Year = {2015}}

@inproceedings{p5,
  title={An Empirical Study on Compositionality in Compound Nouns},
  author={Siva Reddy and Diana McCarthy and Suresh Manandhar},
  booktitle={IJCNLP},
  year={2011}
}

@inproceedings{p6,
  title={Predicting the Compositionality of Nominal Compounds: Giving Word Embeddings a Hard Time},
  author={Silvio Cordeiro and Carlos Ramisch and Marco Idiart and Aline Villavicencio},
  booktitle={ACL},
  year={2016}
}

@inproceedings{p7,
  title={A taxonomy, dataset, and classifier for automatic noun compound interpretation},
  author={Tratz, Stephen and Hovy, Eduard},
  booktitle={Proceedings of the 48th Annual Meeting of the Association for Computational Linguistics},
  pages={678--687},
  year={2010},
  organization={Association for Computational Linguistics}
}

@inproceedings{p8,
  title={A word embedding approach to predicting the compositionality of multiword expressions},
  author={Salehi, Bahar and Cook, Paul and Baldwin, Timothy},
  booktitle={Proceedings of the 2015 Conference of the North American Chapter of the Association for Computational Linguistics: Human Language Technologies},
  pages={977--983},
  year={2015}
}

@inproceedings{p9,
  added-at = {2015-10-14T00:00:00.000+0200},
  author = {Dima, Corina},
  biburl = {http://www.bibsonomy.org/bibtex/24f3d80767f785573a2ec4e2205fdf2ac/dblp},
  booktitle = {EMNLP},
  crossref = {conf/emnlp/2015},
  editor = {Màrquez, Lluís and Callison-Burch, Chris and Su, Jian and Pighin, Daniele and Marton, Yuval},
  ee = {http://aclweb.org/anthology/D/D15/D15-1188.pdf},
  interhash = {db5c23835e661637dd14dec6a84ae477},
  intrahash = {4f3d80767f785573a2ec4e2205fdf2ac},
  isbn = {978-1-941643-32-7},
  keywords = {dblp},
  pages = {1637-1642},
  publisher = {The Association for Computational Linguistics},
  timestamp = {2015-10-15T11:34:28.000+0200},
  title = {Reverse-engineering Language: A Study on the Semantic Compositionality of German Compounds.},
  url = {http://dblp.uni-trier.de/db/conf/emnlp/emnlp2015.html#Dima15},
  year = 2015
}





@article{p10,
  title={Automatic Noun Compound Interpretation using Deep Neural Networks and Word Embeddings},
  author={Dima, Corina and Hinrichs, Erhard},
  journal={IWCS 2015},
  pages={173},
  year={2015}
}

@inproceedings{p11,
  title={Learning Semantic Composition to Detect Non-compositionality of Multiword Expressions},
  author={Majid Yazdani and Meghdad Farahmand and James Henderson},
  booktitle={EMNLP},
  year={2015}
}

@inproceedings{p12,
  title={Modeling the Statistical Idiosyncrasy of Multiword Expressions},
  author={Meghdad Farahmand and Joakim Nivre},
  booktitle={MWE@NAACL-HLT},
  year={2015}
}

@article{p13,
  author    = {Ivan Vendrov and
               Ryan Kiros and
               Sanja Fidler and
               Raquel Urtasun},
  title     = {Order-Embeddings of Images and Language},
  journal   = {CoRR},
  volume    = {abs/1511.06361},
  year      = {2015},
  url       = {http://arxiv.org/abs/1511.06361},
  timestamp = {Tue, 01 Dec 2015 19:22:34 +0100},
  biburl    = {http://dblp.uni-trier.de/rec/bib/journals/corr/VendrovKFU15},
  bibsource = {dblp computer science bibliography, http://dblp.org}
}

@article{p14,
  author    = {Xiang Ren and
               Wenqi He and
               Meng Qu and
               Clare R. Voss and
               Heng Ji and
               Jiawei Han},
  title     = {Label Noise Reduction in Entity Typing by Heterogeneous Partial-Label
               Embedding},
  journal   = {CoRR},
  volume    = {abs/1602.05307},
  year      = {2016},
  url       = {http://arxiv.org/abs/1602.05307},
  timestamp = {Tue, 01 Mar 2016 17:47:25 +0100},
  biburl    = {http://dblp.uni-trier.de/rec/bib/journals/corr/RenHQVJH16},
  bibsource = {dblp computer science bibliography, http://dblp.org}
}
@phdthesis{p15,
 author = {Tratz, Stephen},
 advisor = {Hovy, Eduard},
 title = {Semantically-enriched Parsing for Natural Language Understanding},
 year = {2011},
 isbn = {978-1-267-07681-6},
 note = {AAI3487955},
 publisher = {University of Southern California},
 address = {Los Angeles, CA, USA},
} 
@inproceedings{p16,
  title={On Why Coarse Class Classification is a Bottleneck for Noun Compound Interpretation},
  author={Girishkumar Ponkiya and Pushpak Bhattacharyya and Girish K. Palshikar},
  year={2017}
}